<record><leader>00000cas a22000007a 4500</leader><controlfield tag="001">12351322</controlfield><controlfield tag="008">850806d18711871utuwr ne      0    0eng d</controlfield><datafield ind1=" " ind2=" " tag="010"><subfield code="a">sn 85058191 </subfield></datafield><datafield ind1=" " ind2=" " tag="040"><subfield code="a">UNP</subfield><subfield code="b">eng</subfield><subfield code="c">UNP</subfield><subfield code="d">CNK</subfield><subfield code="d">OCLCQ</subfield></datafield><datafield ind1=" " ind2=" " tag="042"><subfield code="a">msc</subfield></datafield><datafield ind1="0" ind2=" " tag="130"><subfield code="a">Corinne reporter (Corinne, Utah : Weekly)</subfield></datafield><datafield ind1="1" ind2="4" tag="245"><subfield code="a">The Corinne reporter.</subfield></datafield><datafield ind1="1" ind2="3" tag="246"><subfield code="a">Weekly reporter</subfield></datafield><datafield ind1="1" ind2="3" tag="246"><subfield code="a">Weekly Utah reporter</subfield></datafield><datafield ind1=" " ind2=" " tag="250"><subfield code="a">Weekly ed.</subfield></datafield><datafield ind1=" " ind2=" " tag="260"><subfield code="a">Corinne, Utah :</subfield><subfield code="b">A. Aulbach &amp; Co.</subfield></datafield><datafield ind1=" " ind2=" " tag="300"><subfield code="a">v.</subfield></datafield><datafield ind1=" " ind2=" " tag="310"><subfield code="a">Weekly</subfield></datafield><datafield ind1="1" ind2=" " tag="362"><subfield code="a">Began in May 1871; ceased in Aug. 1871?</subfield><subfield code="z">Cf. Alter, J.C. Early Utah journalism.</subfield></datafield><datafield ind1=" " ind2=" " tag="580"><subfield code="a">Continues: Utah reporter (Corinne, Utah : Weekly). Cf. Alter, J.C. Early Utah journalism.</subfield></datafield><datafield ind1=" " ind2=" " tag="588"><subfield code="a">Description based on: Vol. 2, no. 30 (May 27, 1871).</subfield></datafield><datafield ind1=" " ind2=" " tag="752"><subfield code="a">United States</subfield><subfield code="b">Utah</subfield><subfield code="c">Box Elder</subfield><subfield code="d">Corinne.</subfield></datafield><datafield ind1="0" ind2=" " tag="775"><subfield code="t">Corinne reporter (Corinne, Utah : Daily)</subfield><subfield code="w">(DLC)sn 85058192</subfield></datafield><datafield ind1="0" ind2=" " tag="775"><subfield code="t">Daily Corinne reporter</subfield><subfield code="w">(DLC)sn 86071495</subfield></datafield><datafield ind1="1" ind2="0" tag="780"><subfield code="t">Utah reporter (Corinne, Utah : Weekly)</subfield><subfield code="w">(DLC)sn 85058188</subfield><subfield code="w">(OCoLC)12349730</subfield></datafield></record>